<?xml version="1.0" encoding="UTF-8"?><record xmlns="http://www.loc.gov/MARC21/slim" xmlns:cinclude="http://apache.org/cocoon/include/1.0" xmlns:zs="http://www.loc.gov/zing/srw/">
  <leader>00618cz  a2200169n  4500</leader>
  <controlfield tag="001">n  00097502 </controlfield>
  <controlfield tag="003">DLC</controlfield>
  <controlfield tag="005">20130926073744.0</controlfield>
  <controlfield tag="008">000630n| azannaabn          |n aaa      </controlfield>
  <datafield tag="010" ind1=" " ind2=" ">
    <subfield code="a">n  00097502 </subfield>
  </datafield>
  <datafield tag="035" ind1=" " ind2=" ">
    <subfield code="a">(OCoLC)oca05251694</subfield>
  </datafield>
  <datafield tag="040" ind1=" " ind2=" ">
    <subfield code="a">DLC</subfield>
    <subfield code="b">eng</subfield>
    <subfield code="e">rda</subfield>
    <subfield code="c">DLC</subfield>
    <subfield code="d">DLC</subfield>
    <subfield code="d">NcU-H</subfield>
    <subfield code="d">DLC</subfield>
  </datafield>
  <datafield tag="046" ind1=" " ind2=" ">
    <subfield code="f">19711214</subfield>
  </datafield>
  <datafield tag="100" ind1="1" ind2=" ">
    <subfield code="a">Wenzel, Amy</subfield>
  </datafield>
  <datafield tag="670" ind1=" " ind2=" ">
    <subfield code="a">Close romantic relationships, 2000:</subfield>
    <subfield code="b">CIP t.p. (Amy Wenzel, Univ. of Iowa)</subfield>
  </datafield>
  <datafield tag="670" ind1=" " ind2=" ">
    <subfield code="a">The handbook of sexuality in close relationships, 2004:</subfield>
    <subfield code="b">ECIP t.p. (Amy Wenzel) data view (b. Dec. 14, 1971)</subfield>
  </datafield>
  <datafield tag="670" ind1=" " ind2=" ">
    <subfield code="a">Dropping the baby and other scary thoughts, 2011:</subfield>
    <subfield code="b">t.p. (Amy Wenzel)</subfield>
  </datafield>
</record>